<!-- Illustrative draft only; validate against the customer's TallyPrime version and ledgers. -->
<ENVELOPE>
  <HEADER><TALLYREQUEST>Import Data</TALLYREQUEST></HEADER>
  <BODY><IMPORTDATA><REQUESTDESC><REPORTNAME>Vouchers</REPORTNAME></REQUESTDESC>
    <REQUESTDATA>
      <TALLYMESSAGE>
        <VOUCHER VCHTYPE="Purchase" ACTION="Create">
          <DATE>20260615</DATE><REFERENCE>INV-1042</REFERENCE><PARTYLEDGERNAME>Example Supplies Pvt Ltd</PARTYLEDGERNAME>
          <ALLLEDGERENTRIES.LIST><LEDGERNAME>Purchase @ 18%</LEDGERNAME><ISDEEMEDPOSITIVE>Yes</ISDEEMEDPOSITIVE><AMOUNT>-1000.00</AMOUNT></ALLLEDGERENTRIES.LIST>
          <ALLLEDGERENTRIES.LIST><LEDGERNAME>Input CGST</LEDGERNAME><ISDEEMEDPOSITIVE>Yes</ISDEEMEDPOSITIVE><AMOUNT>-90.00</AMOUNT></ALLLEDGERENTRIES.LIST>
          <ALLLEDGERENTRIES.LIST><LEDGERNAME>Input SGST</LEDGERNAME><ISDEEMEDPOSITIVE>Yes</ISDEEMEDPOSITIVE><AMOUNT>-90.00</AMOUNT></ALLLEDGERENTRIES.LIST>
          <ALLLEDGERENTRIES.LIST><LEDGERNAME>Example Supplies Pvt Ltd</LEDGERNAME><ISDEEMEDPOSITIVE>No</ISDEEMEDPOSITIVE><AMOUNT>1180.00</AMOUNT></ALLLEDGERENTRIES.LIST>
        </VOUCHER>
      </TALLYMESSAGE>
    </REQUESTDATA>
  </IMPORTDATA></BODY>
</ENVELOPE>
